@misc{DatasheetSPI,
    url = {https://www.nxp.com/docs/en/data-sheet/FXOS8700CQ.pdf},
    title= {FXOS8700CQ},
    subtitle= {6-axis sensor with integrated linear accelerometer and magnetometer}
}

@misc{InterruptRef,
    url = {https://www.arduino.cc/en/Reference/AttachInterrupt}
}

@misc{iOSEnergy,
    url = {https://developer.apple.com/library/content/documentation/Performance/Conceptual/EnergyGuide-iOS/index.html}
}

@misc{CargoNet,
author = {Malinowski, Mateusz and Moskwa, Matthew and Feldmeier, Mark and Laibowitz, Mathew and Paradiso, Joseph},
year = {2007},
month = {01},
pages = {145-159},
title = {CargoNet: A low-cost micropower sensor node exploiting quasi-passive wakeup for adaptive asychronous monitoring of exceptional events},
booktitle = {SenSys'07 - Proceedings of the 5th ACM Conference on Embedded Networked Sensor Systems}
}
